@article{peters2018moocsevolved, 
  title={MOOCs are not dead, but evolving}, 
  url={https://www.universityaffairs.ca/news/news-article/moocs-not-dead-evolving/}, 
  journal={University Affairs}, 
  author={Peters, Diane}, 
  year={2018}, 
  month={Feb}}
  
@article{bast2018swayam, 
title={Learning on the go}, 
url={https://www.thehindu.com/education/learning-on-the-go/article24418318.ece}, 
journal={The Hindu}, 
author={Bast, Felix}, 
year={2018}, 
month={July}}

@inproceedings{kross2018students,
  title={Students, systems, and interactions: synthesizing the first four years of learning@ scale and charting the future},
  author={Kross, Sean and Guo, Philip J},
  booktitle={Proceedings of the Fifth Annual ACM Conference on Learning at Scale},
  pages={2},
  year={2018},
  organization={ACM}
}

@article{sheeran2002intention,
  title={Intention—behavior relations: A conceptual and empirical review},
  author={Sheeran, Paschal},
  journal={European review of social psychology},
  volume={12},
  number={1},
  pages={1--36},
  year={2002},
  publisher={Taylor \& Francis}
}

@article{onah2014dropout,
  title={Dropout rates of massive open online courses: behavioural patterns},
  author={Onah, Daniel FO and Sinclair, Jane and Boyatt, Russell},
  journal={EDULEARN14 proceedings},
  pages={5825--5834},
  year={2014}
}

@article{belanger2013bioelectricity,
  title={Bioelectricity: A quantitative approach Duke University’s first MOOC},
  author={Belanger, Yvonne and Thornton, Jessica},
  year={2013}
}

@inproceedings{kizilcec2015attrition,
  title={Attrition and achievement gaps in online learning},
  author={Kizilcec, Ren{\'e} F and Halawa, Sherif},
  booktitle={Proceedings of the Second (2015) ACM Conference on Learning@ Scale},
  pages={57--66},
  year={2015},
  organization={ACM}
}

@article{whitehill2017delving,
  title={Delving Deeper into MOOC Student Dropout Prediction},
  author={Whitehill, Jacob and Mohan, Kiran and Seaton, Daniel and Rosen, Yigal and Tingley, Dustin},
  journal={arXiv preprint arXiv:1702.06404},
  year={2017}
}

@article{daugherty2018impatience,
  title={The new age of customer impatience: An agenda for reawakening logistics customer service research},
  author={Daugherty, Patricia J and Bolumole, Yemisi and Grawe, Scott J},
  journal={International Journal of Physical Distribution \& Logistics Management},
  year={2018},
  publisher={Emerald Publishing Limited}
}

@article{marino2018consumer,
  title={Consumer sensitivity to delivery lead time: a furniture retail case},
  author={Marino, Gaetano and Zotteri, Giulio and Montagna, Francesca},
  journal={International Journal of Physical Distribution \& Logistics Management},
  volume={48},
  number={6},
  pages={610--629},
  year={2018},
  publisher={Emerald Publishing Limited}
}


@article{thaler1981some,
  title={Some empirical evidence on dynamic inconsistency},
  author={Thaler, Richard},
  journal={Economics letters},
  volume={8},
  number={3},
  pages={201--207},
  year={1981},
  publisher={Elsevier}
}

@inproceedings{yang2013turn,
  title={Turn on, tune in, drop out: Anticipating student dropouts in massive open online courses},
  author={Yang, Diyi and Sinha, Tanmay and Adamson, David and Ros{\'e}, Carolyn Penstein},
  booktitle={Proceedings of the 2013 NIPS Data-driven education workshop},
  volume={11},
  pages={14},
  year={2013}
}

@article{ho2014harvardx,
  title={HarvardX and MITx: The first year of open online courses, fall 2012-summer 2013},
  author={Ho, Andrew and Reich, Justin and Nesterko, Sergiy and Seaton, Daniel and Mullaney, Tommy and Waldo, Jim and Chuang, Isaac},
  year={2014}
}

@inproceedings{chen2016xgboost,
  title={Xgboost: A scalable tree boosting system},
  author={Chen, Tianqi and Guestrin, Carlos},
  booktitle={Proceedings of the 22nd acm sigkdd international conference on knowledge discovery and data mining},
  pages={785--794},
  year={2016},
  organization={ACM}
}

@article{elith2008working,
  title={A working guide to boosted regression trees},
  author={Elith, Jane and Leathwick, John R and Hastie, Trevor},
  journal={Journal of Animal Ecology},
  volume={77},
  number={4},
  pages={802--813},
  year={2008},
  publisher={Wiley Online Library}
}